% This file was created with JabRef 2.7.2.
% Encoding: UTF-8

@BOOK{mccormick1987multigrid,
  title = {Multigrid Methods},
  publisher = {Siam},
  year = {1987},
  editor = {McCormick, Stephen F.},
  owner = {philip},
  timestamp = {2013.11.01}
}

@comment{jabref-meta: selector_review:}

@comment{jabref-meta: selector_publisher:}

@comment{jabref-meta: selector_author:}

@comment{jabref-meta: selector_journal:}

@comment{jabref-meta: selector_keywords:}

